@book{Mitchell,
  title = {{Machine Learning}},
  author = {Mitchell, T.M.},
  isbn = {9780071154673},
  lccn = {97007692},
  series = {McGraw-Hill International Editions},
  url = {https://books.google.com.br/books?id=EoYBngEACAAJ},
  year = {1997},
  publisher = {McGraw-Hill},
}


@book{Hastie_2009,
  author = {Trevor Hastie and Robert Tibshirani and Jerome Friedman},
  doi = {10.1007/978-0-387-84858-7},
  url = {http://dx.doi.org/10.1007/978-0-387-84858-7},
  year = {2009},
  publisher = {Springer New York},
  title = {{The Elements of Statistical Learning}},
}


@article{Kaelbling_1996,
    author = {Leslie Pack Kaelbling and Michael L. Littman and Andrew W. Moore},
    title = {Reinforcement learning: a survey},
    journal = {Journal of Artificial Intelligence Research},
    year = {1996},
    volume = {4},
    pages = {237--285}
}

@book{Mohri_2012,
 author = {Mohri, Mehryar and Rostamizadeh, Afshin and Talwalkar, Ameet},
 title = {Foundations of Machine Learning},
 year = {2012},
 isbn = {026201825X, 9780262018258},
 publisher = {The MIT Press},
}

@online{Udacity,
  author = {Udacity},
  title = {{Machine Learning Engineer Nanodegree} P4 Project Repository},
  year = 2016,
  url = {https://github.com/udacity/machine-learning/tree/master/projects/smartcab},
  urldate = {2016-07-03}
}

@book{richert2013building,
  title={Building Machine Learning Systems with Python},
  author={Richert, W.},
  isbn={9781782161417},
  url={https://books.google.com.br/books?id=C-yglCEcK0sC},
  year={2013},
  publisher={Packt Publishing}
}

@techreport{chan2001electronic,
  title={An electronic market-maker},
  author={Chan, Nicholas Tung and Shelton, Christian},
  year={2001},
  number ={AI-MEMO-2001-005},
  institution={MIT, AI Lab},
  year={2001}
}

@article{cont2014price,
  title={The price impact of order book events},
  author={Cont, Rama and Kukanov, Arseniy and Stoikov, Sasha},
  journal={Journal of financial econometrics},
  volume={12},
  number={1},
  pages={47--88},
  year={2014},
  publisher={Oxford Univ Press}
}

@article{du1algorithm,
  title={Algorithm Trading using Q-Learning and Recurrent Reinforcement Learning},
  author={Du, Xin and Zhai, Jinjian and Lv, Koupin}
}
